@online{EASIUR, 
title={EASIUR Online Tool},
author={U.S. Energy Information Administration (EIA)}, 
url={http://barney.ce.cmu.edu/~jinhyok/easiur/online/},
}

@online{EIA, 
title={The Social Cost of Carbon},
author={U.S. Energy Information Administration (EIA)}, 
url={https://www3.epa.gov/climatechange/EPAactivities/economics/scc.html},
}

@online{CDC, 
title={Data \& Statistics (WISQARS) Cost of Injury Reports},
author={Centers for Disease Control and Prevention (CDC)}, 
url={https://wisqars.cdc.gov:8443/costT/cost_Part1_Intro.jsp},
}

@online{UMR, 
title={Urban Mobility Information},
author={Texas A\&M Transportation Institute}, 
url={http://mobility.tamu.edu/ums/},
}

@misc{nyctransit, 
title={Summary of New York City Transit Data},
author={AutoMerge Inc.}, 
}

@misc{busemission, 
title={Average In-Use Emissions from Urban Buses and School Buses},
author={U.S. Environmental Protection Agency (EPA)}, 
}

@misc{am1, 
title={Memorandum},
author={AutoMerge Inc.}, 
note={date of document: 22 December 2015}, 
}


@misc{nyweather, 
title={New York City Weather Excel file},
author={Rain or Shine Inc.}, 
note={date of document: 28 December 2015}, 
}


@techreport{EIA:guidelines,
    title     = {Guidelines for Preparing Economic Analyses},
    author = {U.S. Environmental Protection Agency},
    year      = {2010},
    url={http://yosemite.epa.gov/ee/epa/eerm.nsf/vwAN/EE-0568-50.pdf/$file/EE-0568-50.pdf},
}
